<?xml version="1.0" encoding="UTF-8"?><record xmlns="http://www.loc.gov/MARC21/slim" xmlns:cinclude="http://apache.org/cocoon/include/1.0" xmlns:zs="http://www.loc.gov/zing/srw/">
  <leader>00397cz  a2200145n  4500</leader>
  <controlfield tag="001">no 98079748 </controlfield>
  <controlfield tag="003">DLC</controlfield>
  <controlfield tag="005">19980422052744.2</controlfield>
  <controlfield tag="008">980417n| acannaab|          |a aaa     c</controlfield>
  <datafield tag="010" ind1=" " ind2=" ">
    <subfield code="a">no 98079748 </subfield>
  </datafield>
  <datafield tag="035" ind1=" " ind2=" ">
    <subfield code="a">(OCoLC)oca04708735 </subfield>
  </datafield>
  <datafield tag="040" ind1=" " ind2=" ">
    <subfield code="a">CLU</subfield>
    <subfield code="c">CLU</subfield>
  </datafield>
  <datafield tag="100" ind1="1" ind2="0">
    <subfield code="a">Poe, Edgar Allan,</subfield>
    <subfield code="d">1809-1849.</subfield>
    <subfield code="t">Gold bug.</subfield>
    <subfield code="l">Swedish</subfield>
  </datafield>
  <datafield tag="400" ind1="1" ind2="0">
    <subfield code="a">Poe, Edgar Allan,</subfield>
    <subfield code="d">1809-1849.</subfield>
    <subfield code="t">Guldbaggen</subfield>
  </datafield>
  <datafield tag="670" ind1=" " ind2=" ">
    <subfield code="a">Guldbaggen, 1995.</subfield>
  </datafield>
</record>